@online{ts_vs_flow,
  author = {Marius Schulz},
  title = {TypeScript vs. Flow},
  year = 2017,
  howpublished={\url{https://blog.mariusschulz.com/2017/01/13/typescript-vs-flow}},
  urldate = {2018-11-1}
}
@online{babel,
  author = {Babel},
  title = {What is Babel?},
  year = 2018,
  howpublished={\url{https://babeljs.io/docs/en/}},
  urldate = {2018-11-1}
}
@online{bundlers,
  author = {Adam Gerard},
  title = {Rollup v. Webpack v. Parcel},
  year = 2018,
  howpublished={\url{https://x-team.com/blog/rollup-webpack-parcel-comparison/}},
  urldate = {2018-11-1}
}
@online{ci,
  author = {Oleksandr Shaporda},
  title = {Continuous Integration. CircleCI vs Travis CI vs Jenkins},
  year = 2017,
  howpublished={\url{https://hackernoon.com/continuous-integration-circleci-vs-travis-ci-vs-jenkins-41a1c2bd95f5}},
  urldate = {2018-11-1}
}