@misc{aframe1, 
	title        = {Introduction: Getting Started},
	howpublished = {\url{https://aframe.io/docs/0.8.0/introduction/}},
	year         = 2018,
	note         = {Accessed: 11/2/2018}
}

@misc{aframe2, 
	title        = {Primitives: \texttt{<a-box>}},
	howpublished = {\url{https://aframe.io/docs/0.8.0/primitives/a-box.html}},
	year         = 2018,
	note         = {Accessed: 11/2/2018}
}

@misc{aframe3, 
	title        = {Primitives: \texttt{<a-plane>}},
	howpublished = {\url{https://aframe.io/docs/0.8.0/primitives/a-plane.html}},
	year         = 2018,
	note         = {Accessed: 11/2/2018}
}

@misc{aframe4, 
	title        = {Primitives: \texttt{<a-text>}},
	howpublished = {\url{https://aframe.io/docs/0.8.0/primitives/a-text.html}},
	year         = 2018,
	note         = {Accessed: 11/2/2018}
}

@misc{aframe5, 
	title        = {Component},
	howpublished = {\url{https://aframe.io/docs/0.2.0/core/component.html}},
	year         = 2018,
	note         = {Accessed: 11/2/2018}
}

@misc{aframe6, 
	title        = {Component: Under the Hood},
	howpublished = {\url{https://aframe.io/docs/0.2.0/core/component.html\#under-the-hood}},
	year         = 2018,
	note         = {Accessed: 11/2/2018}
}

@misc{aframe7, 
	title        = {Components: look-controls},
	howpublished = {\url{https://aframe.io/docs/0.8.0/components/look-controls.html}},
	year         = 2018,
	note         = {Accessed: 11/2/2018}
}

@misc{aframe8, 
	title        = {Components: cursor},
	howpublished = {\url{https://aframe.io/docs/0.2.0/components/cursor.html}},
	year         = 2018,
	note         = {Accessed: 11/2/2018}
}

@misc{aframe9, 
	title        = {Components: wasd-controls},
	howpublished = {\url{https://aframe.io/docs/0.2.0/components/wasd-controls.html}},
	year         = 2018,
	note         = {Accessed: 11/2/2018}
}

@misc{aframe10, 
	title        = {Components: laser-controls},
	howpublished = {\url{https://aframe.io/docs/0.8.0/components/laser-controls.html}},
	year         = 2018,
	note         = {Accessed: 11/2/2018}
}

@misc{react1, 
	author       = {Mike Argmstrong and Andrew Imm},
	title        = {Introducing the React VR Pre-Release},
	howpublished = {\url{https://developer.oculus.com/blog/introducing-the-react-vr-pre-release/}},
	year         = 2016,
	note         = {Accessed: 11/2/2018}
}

@misc{three1,
	author       = {mrdoob},
	title        = {three.js},
	howpublished = {\url{https://github.com/mrdoob/three.js/}},
	year         = 2018,
	note         = {Accessed: 11/2/2018}	
}

@misc{three2,
	title        = {three.js: PlaneGeometry},
	howpublished = {\url{https://threejs.org/docs/index.html\#api/en/geometries/PlaneGeometry}},
	year         = 2018,
	note         = {Accessed: 11/2/2018}	
}

@misc{ret,
	author       = {skezo},
	title        = {Reticulum},
	howpublished = {\url{https://github.com/skezo/Reticulum}},
	year         = 2017,
	note         = {Accessed: 11/2/2018}
}

@misc{gamepad1,
	title        = {Gamepad API},
	howpublished = {\url{https://developer.mozilla.org/en-US/docs/Web/API/Gamepad_API}},
	year         = {2018},
	note         = {Accessed: 11/2/2018}
}

@misc{gamepad2,
	title        = {Gamepad Extensions},
	howpublished = {\url{https://w3c.github.io/gamepad/extensions.html}},
	year         = {2018},
	note         = {Accessed: 11/2/2018}
}
