@misc{ WEBSITE:1,
   author = "Addy Osmani",
   title = "How To Write Fast, Memory-Efficient JavaScript",
   year = "2012",
   howpublished = "\url{https://www.smashingmagazine.com/2012/11/writing-fast-memory-efficient-javascript/}"
   }
@misc{ WEBSITE:2,
   author = "Google",
   title = "Advanced Compilation and Externs",
   year = "2017",
   howpublished = "\url{https://developers.google.com/closure/compiler/docs/api-tutorial3}"
   }
@misc{ WEBSITE:3,
   author = "sisyphus",
   title = "Why Isn't Google Closure More Popular?",
   year = "2011",
   howpublished = "\url{https://www.reddit.com/r/javascript/comments/k0xsu/why_isnt_google_closure_more_popular/}"
   }
@misc{ WEBSITE:4,
   author = "johnstevenson, chrisdavidmills, jpmedley, lukewagner, fscholz, PushpitaPikuDey, alien35, AndrzejSala, ringoz, SphinxKnight, pebsconsulting, ukyo",
   title = "WebAssembly",
   year = "2018",
   howpublished = "\url{https://www.reddit.com/r/javascript/comments/k0xsu/why_isnt_google_closure_more_popular/}"
   }
@misc{ WEBSITE:5,
   author = "Emscripten Contributors",
   title = "emscripten",
   year = "2015",
   howpublished = "\url{http://kripken.github.io/emscripten-site/}"
   }
@misc{ WEBSITE:6,
   author = "sunfishcode, lukewagner, jfbastien, dschuff, kripken, titzer, rwestlund, macsual, sideshowbarker, josephlr, dxnn, flagxor, brettcannon, loxal",
   title = "Will WebAssembly support View Source on the Web?",
   year = "2018",
   howpublished = "\url{https://github.com/WebAssembly/design/blob/master/FAQ.md#will-webassembly-support-view-source-on-the-web}"
   }
@misc{ WEBSITE:7,
   author = "Rust WASM contributers",
   title = "Rust and Webassembly",
   year = "2018",
   howpublished = "\url{https://rustwasm.github.io/book/}"
   }
@misc{ WEBSITE:8,
   author = "<Authors listed in the website footer>",
   title = "Using Web Workers",
   year = "2018",
   howpublished = "\url{https://developer.mozilla.org/en-US/docs/Web/API/Web_Workers_API/Using_web_workers}"
   }
@misc{ WEBSITE:9,
   author = "Paul Lewis",
   title = "Using requestIdleCallback",
   year = "2015",
   howpublished = "\url{https://developers.google.com/web/updates/2015/08/using-requestidlecallback}"
   }
@misc{ WEBSITE:10,
   author = "<Authors listed in the website footer>",
   title = "Link Types",
   year = "2018",
   howpublished = "\url{https://developer.mozilla.org/en-US/docs/Web/HTML/Link_types}"
   }