@misc{r1,
  title = {Cannon.js readme},
  howpublished = {\url{https://github.com/schteppe/cannon.js/blob/master/README.markdown}},
  note = {Accessed: 2018-11-4}
}

@misc{r2,
  title = {Cannon A-Frame article},
  howpublished = {\url{https://hacks.mozilla.org/2017/05/having-fun-with-physics-and-a-frame/}},
  note = {Accessed: 2018-11-4}
}

@misc{r3,
  title = {Ammo.js readme},
  howpublished = {\url{https://github.com/kripken/ammo.js/blob/master/README.markdown}},
  note = {Accessed: 2018-11-4}
}

@misc{r4,
  title = {Building fast webvr site},
  howpublished = {\url{https://www.b-reel.com/blog/need-a-fast-vr-prototype-webvr-might-be-the-answer}},
  note = {Accessed: 2018-11-4}
}

@misc{r5,
  title = {Oimo.js github},
  howpublished = {\url{https://github.com/lo-th/Oimo.js}},
  note = {Accessed: 2018-11-4}
}

@misc{r6,
  title = {WebGL Wiki},
  howpublished = {\url{https://www.khronos.org/webgl/wiki/Getting_Started}},
  note = {Accessed: 2018-11-4}
}
@misc{r7,
  title = {Three.js stack overflow},
  howpublished = {\url{https://stackoverflow.com/questions/tagged/three.js}},
  note = {Accessed: 2018-11-4}
}
@misc{r8,
  title = {Three.js readme},
  howpublished = {\url{https://github.com/mrdoob/three.js/blob/dev/README.md#threejs}},
  note = {Accessed: 2018-11-4}
}
@misc{r9,
  title = {Three.js browser support},
  howpublished = {\url{https://threejs.org/docs/#manual/en/introduction/Browser-support}},
  note = {Accessed: 2018-11-4}
}
@misc{r10,
  title = {BabylonJS site},
  howpublished = {\url{https://www.babylonjs.com/}},
  note = {Accessed: 2018-11-4}
}
@misc{r11,
  title = {Blend4Web readme},
  howpublished = {\url{https://github.com/TriumphLLC/Blend4Web/blob/master/README.rst}},
  note = {Accessed: 2018-11-4}
}
@misc{r12,
  title = {Spatial audio how to},
  howpublished = {\url{https://blog.storyhunter.com/how-to-use-spatial-audio-to-create-immersive-360-videos-e0805b51c143}},
  note = {Accessed: 2018-11-4}
}
@misc{r13,
  title = {Mozilla Web Audio introduction},
  howpublished = {\url{https://developer.mozilla.org/en-US/docs/Web/API/Web_Audio_API}},
  note = {Accessed: 2018-11-4}
}
@misc{r14,
  title = {Mozilla Web Audio spatialization},
  howpublished = {\url{https://developer.mozilla.org/en-US/docs/Web/API/Web_Audio_API/Web_audio_spatialization_basics}},
  note = {Accessed: 2018-11-4}
}
@misc{r15,
  title = {HowlerJS readme},
  howpublished = {\url{https://github.com/goldfire/howler.js/blob/master/README.md}},
  note = {Accessed: 2018-11-4}
}
@misc{r16,
  title = {Waud github},
  howpublished = {\url{https://github.com/waud/waud}},
  note = {Accessed: 2018-11-4}
}
@misc{r17,
  title = {Waud issue 25 volume fading},
  howpublished = {\url{https://github.com/waud/waud/issues/25}},
  note = {Accessed: 2018-11-4}
}