@online{types_of_web_hosting,
  author = {John Stevens},
  title = {Different types of web hosting},
  year = 2018,
  howpublished={\url{https://hostingfacts.com/different-types-of-web-hosting/}},
  urldate = {2018-11-1}
}
@online{skillcrush,
  author = {Cameron Chapman},
  title = {Exactly What You Need to Know to Be a Front End Developer},
  year = 2018,
  howpublished={\url{https://skillcrush.com/2016/02/11/skills-to-become-a-front-end-developer/}},
  urldate = {2018-11-1}
}

@online{aframe,
  author = {A-Frame},
  title = {Hosting and Publishing},
  year = 2018,
  howpublished={\url{https://aframe.io/docs/0.8.0/introduction/hosting-and-publishing.html}},
  urldate = {2018-11-1}
}
@online{aws,
  author = {aws},
  title = {Host a Static Website},
  year = 2018,
  howpublished={\url{https://aws.amazon.com/getting-started/projects/host-static-website/}},
  urldate = {2018-11-1}
}